@unpublished{spdchess,
   author = "Alex Landau",
   title = "Rewriting Chess (Again)",
   howpublished = "\url{http://alloyggp.blogspot.com/2013/01/writing-game-with-gdl-sim.html}",
   year = "2013"
}

@unpublished{gdlmath,
   author = "Alex Landau",
   title = "Arithmetic in GDL",
   howpublished = "\url{http://alloyggp.blogspot.com/2013/10/arithmetic-in-gdl.html}",
   year = "2013"
}

@article{agd1,
   author = "Mark J Nelson and Michael Mateas",
   title = "Towards Automated Game Design",
   year = "2007",
   journal = "AI*IA 2007: Artificial Intelligence and Human-Oriented Computing",
   pages = "626-637"
}

@incollection{metagame,
   author = "Barney Pell",
   title = "METAGAME in Symmetric Chess-Like Games",
   year = "1992",
   booktitle = "Heuristic Programming in Artificial Intelligence 3 - The Third Computer Olympiad",
   editor = "H J van den Herik and L V Allis",
   publisher = "Ellis Horwood"
}
